<?xml version="1.0" encoding="UTF-8"?><collection xmlns="http://www.loc.gov/MARC21/slim"><record><leader>00388nam--2200145-i-4500</leader><controlfield tag="001">000032623</controlfield><controlfield tag="002">20161230</controlfield><controlfield tag="005">20161230201039</controlfield><controlfield tag="008">060222s1000------------r-----000-0-eng-d</controlfield><datafield ind1=" " ind2=" " tag="080"><subfield code="a">517.74=03.82</subfield></datafield><datafield ind1=" " ind2=" " tag="100"><subfield code="a">Modenov, P.S</subfield></datafield><datafield ind1=" " ind2=" " tag="245"><subfield code="a">Geometrie analitica. traducere din limba rusa</subfield></datafield><datafield ind1=" " ind2=" " tag="260"><subfield code="a">Bucuresti, Ed.Tehnica, 1957, 618p</subfield></datafield><datafield ind1=" " ind2=" " tag="852"><subfield code="a">47599</subfield><subfield code="c">515/516</subfield></datafield><datafield ind1=" " ind2=" " tag="CAT"><subfield code="a">Sys</subfield><subfield code="c">20080613</subfield><subfield code="h">102152</subfield></datafield></record></collection>